<record><leader>00000cas a2200000 a 4500</leader><controlfield tag="001">27480706</controlfield><controlfield tag="008">930222c19879999caudn ne      0   a0eng c</controlfield><datafield ind1=" " ind2=" " tag="010"><subfield code="a">sn 93053022 </subfield></datafield><datafield ind1=" " ind2=" " tag="040"><subfield code="a">CUY</subfield><subfield code="b">eng</subfield><subfield code="c">CNK</subfield><subfield code="d">NSD</subfield><subfield code="d">CNK</subfield><subfield code="d">OCLCQ</subfield><subfield code="d">CNK</subfield><subfield code="d">OCLCQ</subfield><subfield code="d">OCLCF</subfield><subfield code="d">OCLCO</subfield></datafield><datafield ind1=" " ind2=" " tag="012"><subfield code="m">1</subfield></datafield><datafield ind1="1" ind2=" " tag="022"><subfield code="a">1097-1718</subfield><subfield code="l">1097-1718</subfield><subfield code="2">1</subfield></datafield><datafield ind1="1" ind2=" " tag="029"><subfield code="a">AU@</subfield><subfield code="b">000020734843</subfield></datafield><datafield ind1=" " ind2=" " tag="032"><subfield code="a">412140</subfield><subfield code="b">USPS</subfield></datafield><datafield ind1=" " ind2=" " tag="042"><subfield code="a">pcc</subfield><subfield code="a">nsdp</subfield></datafield><datafield ind1="0" ind2=" " tag="130"><subfield code="a">Mercury-register (Oroville, Calif. : 1987)</subfield></datafield><datafield ind1=" " ind2="0" tag="222"><subfield code="a">Mercury-register</subfield><subfield code="b">(Oroville, Calif. 1987)</subfield></datafield><datafield ind1="0" ind2="0" tag="245"><subfield code="a">Mercury-register.</subfield></datafield><datafield ind1="3" ind2="0" tag="246"><subfield code="a">Mercury register</subfield></datafield><datafield ind1=" " ind2=" " tag="260"><subfield code="a">Oroville [Calif.] :</subfield><subfield code="b">Oroville Pub. Co.</subfield></datafield><datafield ind1=" " ind2=" " tag="300"><subfield code="a">v.</subfield></datafield><datafield ind1=" " ind2=" " tag="310"><subfield code="a">Daily (except Sun. and holidays)</subfield></datafield><datafield ind1="0" ind2=" " tag="362"><subfield code="a">Vol. 114, no. 231 (Oct. 1, 1987)-</subfield></datafield><datafield ind1=" " ind2=" " tag="530"><subfield code="a">Also available on the internet.</subfield></datafield><datafield ind1=" " ind2=" " tag="530"><subfield code="a">Master negatives are available for duplication from:</subfield><subfield code="b">California Newspaper Microfilm Archive;</subfield><subfield code="c">positive copies may be purchased by the reel; for further information consult the CNMA at:</subfield><subfield code="u">http://cbsr.ucr.edu</subfield></datafield><datafield ind1=" " ind2="0" tag="651"><subfield code="a">Butte County (Calif.)</subfield><subfield code="v">Newspapers.</subfield></datafield><datafield ind1=" " ind2="7" tag="655"><subfield code="a">Newspapers.</subfield><subfield code="2">fast</subfield><subfield code="0">(OCoLC)fst01423814</subfield></datafield><datafield ind1=" " ind2="7" tag="651"><subfield code="a">California</subfield><subfield code="z">Butte County.</subfield><subfield code="2">fast</subfield><subfield code="0">(OCoLC)fst01215262</subfield></datafield><datafield ind1=" " ind2=" " tag="752"><subfield code="a">United States</subfield><subfield code="b">California</subfield><subfield code="c">Butte</subfield><subfield code="d">Oroville.</subfield></datafield><datafield ind1="0" ind2="0" tag="780"><subfield code="t">Oroville Mercury-register (Oroville, Calif. : 1961)</subfield><subfield code="w">(DLC)sn 93053021</subfield></datafield><datafield ind1="7" ind2=" " tag="856"><subfield code="z">Online version:</subfield><subfield code="u">http://www.orovillemr.com/</subfield><subfield code="2">http</subfield></datafield></record>